<record><leader>00000cas a22000007a 4500</leader><controlfield tag="001">11741558</controlfield><controlfield tag="008">850227d18741907mnuwr ne      0    0eng d</controlfield><datafield ind1=" " ind2=" " tag="010"><subfield code="a">sn 85025441 </subfield></datafield><datafield ind1=" " ind2=" " tag="040"><subfield code="a">NPX</subfield><subfield code="b">eng</subfield><subfield code="c">NPX</subfield><subfield code="d">MN#</subfield><subfield code="d">OCL</subfield><subfield code="d">OCLCQ</subfield><subfield code="d">AQM</subfield><subfield code="d">OCLCQ</subfield><subfield code="d">OCLCF</subfield><subfield code="d">OCLCO</subfield></datafield><datafield ind1=" " ind2=" " tag="019"><subfield code="a">1753976</subfield><subfield code="a">192102087</subfield></datafield><datafield ind1="1" ind2=" " tag="029"><subfield code="a">AU@</subfield><subfield code="b">000025820076</subfield></datafield><datafield ind1="0" ind2=" " tag="041"><subfield code="a">engswe</subfield></datafield><datafield ind1=" " ind2=" " tag="042"><subfield code="a">msc</subfield></datafield><datafield ind1=" " ind2=" " tag="043"><subfield code="a">n-us-mn</subfield></datafield><datafield ind1=" " ind2=" " tag="052"><subfield code="a">4144</subfield><subfield code="b">C2</subfield></datafield><datafield ind1=" " ind2=" " tag="052"><subfield code="a">4143</subfield><subfield code="b">I7</subfield></datafield><datafield ind1="0" ind2=" " tag="130"><subfield code="a">Isanti County press (Cambridge, Minn. : English ed.)</subfield></datafield><datafield ind1="1" ind2="0" tag="245"><subfield code="a">Isanti County press.</subfield></datafield><datafield ind1="1" ind2="3" tag="246"><subfield code="a">Isanti press</subfield></datafield><datafield ind1=" " ind2=" " tag="260"><subfield code="a">Cambridge, Minn. :</subfield><subfield code="b">Magnus &amp; Peterson,</subfield><subfield code="c">1874-1907.</subfield></datafield><datafield ind1=" " ind2=" " tag="300"><subfield code="a">33 v.</subfield></datafield><datafield ind1=" " ind2=" " tag="310"><subfield code="a">Weekly</subfield></datafield><datafield ind1="0" ind2=" " tag="362"><subfield code="a">Vol. 1, [no. 1 (Oct. 15, 1874)]-v. 33, no. 41 (July 18, 1907).</subfield></datafield><datafield ind1=" " ind2=" " tag="500"><subfield code="a">In English and Swedish Oct. 15, 1874-Jan. 21, 1876; in English Jan 28, 1876-July 18, 1907.</subfield></datafield><datafield ind1=" " ind2=" " tag="530"><subfield code="a">Available on microfilm from the Minnesota Historical Society.</subfield></datafield><datafield ind1=" " ind2=" " tag="546"><subfield code="a">In English and Swedish.</subfield></datafield><datafield ind1=" " ind2="0" tag="651"><subfield code="a">Cambridge (Minn.)</subfield><subfield code="v">Newspapers.</subfield></datafield><datafield ind1=" " ind2="7" tag="655"><subfield code="a">Newspapers.</subfield><subfield code="2">rbgenr</subfield></datafield><datafield ind1=" " ind2="7" tag="655"><subfield code="a">Newspapers.</subfield><subfield code="2">fast</subfield><subfield code="0">(OCoLC)fst01423814</subfield></datafield><datafield ind1=" " ind2="7" tag="651"><subfield code="a">Minnesota</subfield><subfield code="z">Cambridge.</subfield><subfield code="2">fast</subfield><subfield code="0">(OCoLC)fst01301457</subfield></datafield><datafield ind1=" " ind2=" " tag="752"><subfield code="a">United States</subfield><subfield code="b">Minnesota</subfield><subfield code="c">Isanti</subfield><subfield code="d">Cambridge.</subfield></datafield><datafield ind1="0" ind2=" " tag="775"><subfield code="t">Isanti County press (Cambridge, Minn. : Swedish ed.)</subfield><subfield code="w">(DLC)sn 17053977</subfield></datafield><datafield ind1="0" ind2="7" tag="785"><subfield code="t">Cambridge independent</subfield><subfield code="w">(DLC)sn 90059237</subfield></datafield><datafield ind1="0" ind2="7" tag="785"><subfield code="t">Independent-press (Cambridge, Minn.)</subfield><subfield code="w">(DLC)sn 90059251</subfield></datafield></record>